@article{Astroza2020mobility,
	journal={Transport Findings},
	doi={10.32866/001c.13489},
	publisher={Network Design Lab},
	title={Mobility Changes, Teleworking, and Remote Communication during the COVID-19 Pandemic in Chile},
	author={Astroza, Sebastian and Tirachini, Alejandro and Hurtubia, Ricardo and Carrasco, Juan Antonio and Guevara, Angelo and Munizaga, Marcela and Figueroa, Macarena and Torres, Valentina},
	date={2020-07-21},
	year=2020,
	month=7,
	day=21,
}

@Misc{Bangladesh2015,
         author  = {{Bangladesh Bureau of Statistics}},
         title   = {Population Monograph of Bangladesh. Age-Sex Composition of Bangladesh Population},
         publisher = {{Statistics and Information Division, Ministry of Planning. Government of the People's Republic of Bangladesh}},
         year    = {2015}
    }
    
@article{Brunsdon2020opening,
  title={Opening practice: supporting reproducibility and critical spatial data science},
  author={Brunsdon, Chris and Comber, Alexis},
  journal={Journal of Geographical Systems},
  pages={1--20},
  year={2020},
  publisher={Springer}
}

@article{DeWeese2020tale,
	journal={Tansport Findings},
	doi={10.32866/001c.13395},
	publisher={Network Design Lab},
	title={A Tale of 40 Cities:  A Preliminary Analysis of Equity Impacts of COVID-19 Service Adjustments across North America},
	author={DeWeese, James and Hawa, Leila and Demyk, Hanna and Davey, Zane and Belikow, Anastasia and El-geneidy, Ahmed},
	date={2020-06-25},
	year=2020,
	month=6,
	day=25,
}

@article{Fricker2002advantages,
  title={Advantages and disadvantages of Internet research surveys: Evidence from the literature},
  author={Fricker, Ronald D and Schonlau, Matthias},
  journal={Field methods},
  volume={14},
  number={4},
  pages={347--367},
  year={2002},
  publisher={Sage Publications Sage CA: Thousand Oaks, CA}
}

@article{Huynh2020culture,
   author = {Huynh, T. L. D.},
   title = {Does culture matter social distancing under the COVID-19 pandemic?},
   journal = {Safety Science},
   volume = {130},
   pages = {7},
   ISSN = {0925-7535},
   DOI = {10.1016/j.ssci.2020.104872},
   url = {<Go to ISI>://WOS:000560700900029},
   year = {2020},
   type = {Journal Article}
}

@article{Jager2017convenience,
   author = {Jager, Justin and Putnick, Diane L. and Bornstein, Marc H.},
   title = {II. MORE THAN JUST CONVENIENT: THE SCIENTIFIC MERITS OF HOMOGENEOUS CONVENIENCE SAMPLES},
   journal = {Monographs of the Society for Research in Child Development},
   volume = {82},
   number = {2},
   pages = {13-30},
   ISSN = {1540-5834
0037-976X},
   DOI = {10.1111/mono.12296},
   url = {https://pubmed.ncbi.nlm.nih.gov/28475254
https://www.ncbi.nlm.nih.gov/pmc/articles/PMC5606225/},
   year = {2017},
   type = {Journal Article}
}

@article{Jamal2020perceptions,
  title={How do the perceptions of neighborhood conditions impact active transportation? A study in Rajshahi, Bangladesh},
  author={Jamal, Shaila and Mohiuddin, Hossain and Paez, Antonio},
  journal={Transportation Research Part D: Transport and Environment},
  volume={87},
  pages={102525},
  year={2020},
  publisher={Elsevier}
}

@article{Lauer2020incubation,
   author = {Lauer, Stephen A. and Grantz, Kyra H. and Bi, Qifang and Jones, Forrest K. and Zheng, Qulu and Meredith, Hannah R. and Azman, Andrew S. and Reich, Nicholas G. and Lessler, Justin},
   title = {The Incubation Period of Coronavirus Disease 2019 (COVID-19) From Publicly Reported Confirmed Cases: Estimation and Application},
   journal = {Annals of Internal Medicine},
   ISSN = {0003-4819},
   DOI = {10.7326/m20-0504},
   url = {https://doi.org/10.7326/M20-0504},
   year = {2020},
   type = {Journal Article}
}

@article{Lock2020cycling,
	journal={Transport Findings},
	doi={10.32866/001c.13405},
	publisher={Network Design Lab},
	title={Cycling Behaviour Changes as a Result of COVID-19: A Survey of Users in Sydney, Australia.},
	author={Lock, Oliver},
	date={2020-06-26},
	year=2020,
	month=6,
	day=26,
}

@article{Molloy2020tracing,
	journal={Transport Findings},
	doi={10.32866/001c.12903},
	publisher={Network Design Lab},
	title={Tracing the Sars-CoV-2 Impact: The First Month in Switzerland},
	author={Molloy, Joseph and Tchervenkov, Christopher and Hintermann, Beat and Axhausen, Kay W.},
	date={2020-05-27},
	year=2020,
	month=5,
	day=27,
}

@article{Paez2020using,
	journal={Transport Findings},
	doi={10.32866/001c.12976},
	publisher={Network Design Lab},
	title={Using Google Community Mobility Reports to investigate the incidence of COVID-19 in the United States},
	author={Paez, Antonio},
	date={2020-05-29},
	year=2020,
	month=5,
	day=29,
}

@article{Saha2020lockdown,
   author = {Saha, J. and Barman, B. and Chouhan, P.},
   title = {Lockdown for COVID-19 and its impact on community mobility in India: An analysis of the COVID-19 Community Mobility Reports, 2020},
   journal = {Children and Youth Services Review},
   volume = {116},
   pages = {14},
   ISSN = {0190-7409},
   DOI = {10.1016/j.childyouth.2020.105160},
   url = {<Go to ISI>://WOS:000564707100018},
   year = {2020},
   type = {Journal Article}
}

